<?xml version="1.0" encoding="UTF-8"?><collection xmlns="http://www.loc.gov/MARC21/slim"><record><leader>00535nam--2200181-u-4500</leader><controlfield tag="001">000052762</controlfield><controlfield tag="002">20161230</controlfield><controlfield tag="005">20161230201050</controlfield><controlfield tag="008">101013s1000------------r-----000-0-ger-d</controlfield><datafield ind1=" " ind2=" " tag="040"><subfield code="a">IFIN-HH</subfield></datafield><datafield ind1=" " ind2=" " tag="041"><subfield code="a">ger</subfield></datafield><datafield ind1=" " ind2=" " tag="080"><subfield code="a">534.756.1</subfield></datafield><datafield ind1="1" ind2=" " tag="100"><subfield code="a">Orlowski, Marius</subfield></datafield><datafield ind1="1" ind2="0" tag="245"><subfield code="a">Spesielle resonanzen in zwei-und drei-cluster-systemen</subfield><subfield code="b">Dissertation zur Erlangung des Grades eines Doktors der Naturwissenschaften</subfield><subfield code="c">Marius Orlowski</subfield></datafield><datafield ind1=" " ind2=" " tag="260"><subfield code="a">Tubingen</subfield><subfield code="c">1979</subfield></datafield><datafield ind1=" " ind2=" " tag="300"><subfield code="a">142 p</subfield></datafield><datafield ind1=" " ind2=" " tag="852"><subfield code="a">75630</subfield><subfield code="c">534</subfield></datafield><datafield ind1=" " ind2=" " tag="CAT"><subfield code="a">Sys</subfield><subfield code="c">20101013</subfield><subfield code="h">093726</subfield></datafield></record></collection>